@article{blum_ab_2009,
	title = {Ab initio molecular simulations with numeric atom-centered orbitals},
	volume = {180},
	issn = {0010-4655},
	url = {http://www.sciencedirect.com/science/article/pii/S0010465509002033},
	doi = {10.1016/j.cpc.2009.06.022},
	abstract = {We describe a complete set of algorithms for ab initio molecular simulations based on numerically tabulated atom-centered orbitals {(NAOs)} to capture a wide range of molecular and materials properties from quantum-mechanical first principles. The full algorithmic framework described here is embodied in the Fritz Haber Institute “ab initio molecular simulations” {(FHI-aims)} computer program package. Its comprehensive description should be relevant to any other first-principles implementation based on {NAOs.} The focus here is on density-functional theory {(DFT)} in the local and semilocal (generalized gradient) approximations, but an extension to hybrid functionals, {Hartree–Fock} theory, and {MP2/GW} electron self-energies for total energies and excited states is possible within the same underlying algorithms. An all-electron/full-potential treatment that is both computationally efficient and accurate is achieved for periodic and cluster geometries on equal footing, including relaxation and ab initio molecular dynamics. We demonstrate the construction of transferable, hierarchical basis sets, allowing the calculation to range from qualitative tight-binding like accuracy to {meV-level} total energy convergence with the basis set. Since all basis functions are strictly localized, the otherwise computationally dominant grid-based operations scale as {O(N)} with system size N. Together with a scalar-relativistic treatment, the basis sets provide access to all elements from light to heavy. Both low-communication parallelization of all real-space grid based algorithms and a {ScaLapack-based}, customized handling of the linear algebra for all matrix operations are possible, guaranteeing efficient scaling {(CPU} time and memory) up to massively parallel computer systems with thousands of {CPUs.}},
	number = {11},
	urldate = {2012-10-25},
	journal = {Computer Physics Communications},
	author = {Blum, Volker and Gehrke, Ralf and Hanke, Felix and Havu, Paula and Havu, Ville and Ren, Xinguo and Reuter, Karsten and Scheffler, Matthias},
	month = nov,
	year = {2009},
	keywords = {Ab initio molecular simulations, Atom-centered basis functions, Density-functional theory, {GW} self-energy, {Hartree–Fock}, {MP2}, {O(N)} {DFT}},
	pages = {2175--2196},
	file = {ScienceDirect Full Text PDF:files/496/Blum et al. - 2009 - Ab initio molecular simulations with numeric atom-.pdf:application/pdf;ScienceDirect Snapshot:files/497/S0010465509002033.html:text/html}
}

@article{shaltaf:186401,
author = {R. Shaltaf and G.-M. Rignanese and X. Gonze and Feliciano Giustino and Alfredo Pasquarello},
collaboration = {},
title = {Band Offsets at the Si/SiO[sub 2] Interface from Many-Body Perturbation Theory},
publisher = {APS},
year = {2008},
journal = {Physical Review Letters},
volume = {100},
number = {18},
eid = {186401},
numpages = {4},
pages = {186401},
url = {http://link.aps.org/abstract/PRL/v100/e186401},
doi = {10.1103/PhysRevLett.100.186401}
}




@article{lukashev:195202,
author = {Pavel Lukashev and Walter R. L. Lambrecht and Takao Kotani and Mark van Schilfgaarde},
collaboration = {},
title = {Electronic and crystal structure of Cu[sub 2 - x]S: Full-potential electronic structure calculations},
publisher = {APS},
year = {2007},
journal = {Physical Review B (Condensed Matter and Materials Physics)},
volume = {76},
number = {19},
eid = {195202},
numpages = {14},
pages = {195202},
keywords = {conduction bands; copper compounds; crystal structure; density functional theory; electronic density of states; energy gap; Fermi level; free energy; linear muffin-tin orbital method; SCF calculations; total energy; valence bands; X-ray diffraction},
url = {http://link.aps.org/abstract/PRB/v76/e195202},
doi = {10.1103/PhysRevB.76.195202}
}




@article{chantis:165126,
author = {Athanasios N. Chantis and Mark van Schilfgaarde and Takao Kotani},
collaboration = {},
title = {Quasiparticle self-consistent GW method applied to localized 4f electron systems},
publisher = {APS},
year = {2007},
journal = {Physical Review B},
volume = {76},
number = {16},
eid = {165126},
pages = {165126},
keywords = {antiferromagnetic materials; band structure; density functional theory; erbium; erbium compounds; europium compounds; Fermi surface; ferromagnetic materials; gadolinium compounds; germanium; metal-insulator transition; quasiparticles; ytterbium compounds},
doi = {10.1103/PhysRevB.76.165126}
}



@Article{fujimori84,
  title = {Valence-band photoemission and optical absorption in nickel compounds},
  author = {Fujimori, Atsushi  and Minami, Fujio },
  journal = {Phys. Rev. B},
  volume = {30},
  number = {2},
  pages = {957--971},
  numpages = {14},
  year = {1984},
  month = {Jul},
  doi = {10.1103/PhysRevB.30.957},
  publisher = {American Physical Society}
}

@Article{kotani00,
      author="Takao Kotani",
      year="2000",
      title="Ab initio random-phase-approximation calculation of the frequency-dependent effective interaction between 3d electrons: Ni, Fe, and MnO",
      journal="J.Phys. Cond. Mat.",
      volume="12",
      page="2413"
}

@article{Muscat01,
Author = {Muscat, J. and Wander, A. and Harrison, N. M.},
Title = {On the prediction of band gaps from hybrid functional theory},
Journal = {Chemical Physics Letters},
Volume = {342},
Number = {3-4},
Pages = {397-401},
Note = {33},
Keywords = {QUANTUM MONTE-CARLO; EXCITATION-ENERGIES; ELECTRONIC-STRUCTURE;EXCHANGE; SILICON; THERMOCHEMISTRY; SEMICONDUCTORS; DIAMOND},
Year = {2001} }
 

@article{vans06,
    author = "M. van Schilfgaarde and Takao Kotani and S. Faleev",
    year = "2006",
    journal = "Phys. Rev. Lett.",
    title = "Quasiparticle self-consistent GW theory",
    volume = "96",
    pages = "226402",
}

@ARTICLE{hedin65,
   author = "L. Hedin",
   year = "1965",
   journal = "Phys. Rev.",
   title = "New Method for Calculating the One-Particle Green's Function with Application to the Electron-Gas Problem",
   volume = "139",
   pages = "A796"
}

@Article{Hybertsen86,
  title = {Electron correlation in semiconductors and insulators: {B}and gaps and quasiparticle energies},
  author = {Hybertsen, M. S. and Louie, S. G.},
  journal = {Phys. Rev. B},
  volume = {34},
  OPTnumber = {8},
  pages = {5390},
  OPTpages = {5390--5413},
  numpages = {23},
  year = {1986},
  month = {Oct},
  doi = {10.1103/PhysRevB.34.5390},
  publisher = {American Physical Society}
}

@ARTICLE{ferdi98,
   author = "F. Aryasetiawan and O. Gunnarsson",
   year = "1998",
   journal = "Rep. Prog. Phys",
   volume = "61",
   pages = "237"
}

@ARTICLE{alouani03,
   author = "S. Leb{\`e}gue and B. Arnaud and M. Alouani and P. E. Bloechl",
   year = "2003",
   journal = "Phys. Rev. B",
   volume = "67",
   title = "Implementation of an all-electron {GW} approximation based on the projector augmented wave method without plasmon pole approximation: {A}pplication to {Si, SiC, AlAs, InAs, NaH, and KH}",
   pages = "155208"
}

@ARTICLE{tiago04,
   author = "M. L. Tiago and S. Ismail-Beigi and S. G. Louie",
   year = "2004",
   journal = "Phys. Rev. B",
   title ="Effect of semicore orbitals on the electronic band gaps of {Si, Ge, and GaAs} within the {GW} approximation",
   volume = "69",
   pages = "125212"
}

@ARTICLE{Steinbeck00,
   author = "L. Steinbeck and A. Rubio and L. Reining and M. Torrent and I. D. White and R. W. Godby",
   year = "2000",
   journal = "Comput. Phys. Commun.",
   title = "Enhancements to the {GW} space-time method",
   volume = "125",
   pages = "105"
}

@ARTICLE{holm98,
   author = "B. Holm and U. von Barth",
   year = "1998",
   journal = "Phys. Rev. B",
   volume = "57",
   title ="Fully self-consistent {GW} self-energy of the electron gas",
   pages = "2108"
}

@ARTICLE{holm99,
   author = "B. Holm",
   year = "1999",
   journal = "Phys. Rev. Lett",
   title ="Total Energies from {GW} Calculations",
   volume = "83",
   pages = "788"
}

@ARTICLE{eguiluz98,
   author = "W.-D. Sch{\"o}ne and A.G. Eguiluz",
   year = "1998",
   journal = "Phys. Rev. Lett",
   volume = "81",
   pages = "1662"
}

@ARTICLE{faleev00,
   author = "S.V. Faleev and M.I. Stockman",
   year = "2000",
   journal = "Phys. Rev. B",
   volume = "62",
   pages = "16707"
}

@ARTICLE{onida02,
   author = "G. Onida and L. Reining and A. Rubio",
   year = "2002",
   journal = "Rev. Mod. Phys.",
   title = "Electronic excitations: {D}ensity-functional versus many-body {G}reen's-function approaches",
   volume = "74",
   pages = "601"
}

@ARTICLE{ferdi92,
   author = "F. Aryasetiawan",
   title ="Self-Energy of {Ni} in the {$GW$} approximation",
   journal = "Phys. Rev. B",
   volume = "46",
   pages = "13051",
   year = "1992"
}

@ARTICLE{ferdi94,
   author = "F. Aryasetiawan and O. Gunnarsson",
   journal = "Phys. Rev. Lett.",
   volume = "74",
   title ="Electronic Structure of NiO in the GW Approximation",
   pages = "3221",
   year = "1994"
}

@ARTICLE{Ferdi96,
   author = "F. Aryasetiawan and K. Karlsson",
   year = "1996",
   journal = "Phys. Rev. B",
   title = "$GW$ spectral functions of Gd and NiO",
   volume = "54",
   pages = "5353"
}

@ARTICLE{Zein02,
   author = "N. E. Zein and V. P. Antropov",
   year = "2002",
   journal = "Phys. Rev. Lett.",
   title = "Self-Consistent Green Function Approach for Calculation of Electronic Structure in Transition Metals",
   volume = "89",
   pages = "126402"
}

@ARTICLE{Faleev04,
   author = "S. V. Faleev and M. van Schilfgaarde and Takao Kotani",
   year = "2004",
   journal = "Phys. Rev. Lett.",
   title = "All-electron self-consistent {GW} approximation: {A}pplication to {Si, MnO, and NiO}",
   volume = "93",
   pages = "126406"
}

@ARTICLE{weiku02,
   author = "W. Ku and A. G. Eguiluz",
   year = "2002",
   journal = "Phys. Rev. Lett.",
   title ="Band-Gap Problem in Semiconductors Revisited: {E}ffects of Core States and Many-Body Self-Consistency",
   volume = "89",
   pages = "126401"
}

@ARTICLE{shone98,
   author = "W. D. Sch{\"o}ne and A. G. Eguiluz",
   year = "1998",
   journal = "Phys. Rev. Lett.",
   title = "Self-Consistent Calculations of Quasiparticle States in Metals and Semiconductors",
   volume = "81",
   pages = "1662"
}

@ARTICLE{weiku04,
   author = "Wei Ku and A. G. Eguiluz",
   year = "2004",
   journal = "Phys. Rev. Lett.",
   volume = "93",
   pages = "249702",
}

@ARTICLE{kotani02,
   author = "Takao Kotani and M. van Schilfgaarde",
   year = "2002",
   journal = "Solid State Commun.",
   title = "All-electron {$GW$} approximation with the mixed basis expansion based on the full-potential {LMTO} method",
   volume = "121",
   pages = "461"
}

@ARTICLE{prodbasis94,
   author = "F. Aryasetiawan and O. Gunnarsson",
   year = "1994",
   journal = "Phys. Rev. B",
   title = "Product-basis method for calculating dielectric matrices",
   volume = "49",
   pages = "16214"
}

@article{kotani07a,
author = {Takao Kotani and Mark van Schilfgaarde and Sergey V. Faleev},
collaboration = {},
title = {Quasiparticle self-consistent GW method: A basis for the independent-particle approximation},
publisher = {APS},
year = {2007},
journal = {Physical Review B},
volume = {76},
number = {16},
eid = {165106},
numpages = {24},
pages = {165106},
keywords = {density functional theory; localised states; quasiparticles; SCF calculations; total energy},
doi = {10.1103/PhysRevB.76.165106}
}

@article{kotani07b,
  author={Takao Kotani and Mark van Schilfgaarde and Sergey V Faleev and Athanasios Chantis},
  title={Quasiparticle self-consistent GW method: a short summary},
  journal={Journal of Physics: Condensed Matter},
  volume={19},
  number={36},
  pages={365236 (8pp)},
  year={2007}
}

@Article{fuchs02,
  title = {Accurate density functionals:\hskip0.3em{}\hskip0.3em{}{A}pproaches using the adiabatic-connection fluctuation-dissipation theorem},
  author = {Fuchs, M.  and Gonze, X. },
  journal = {Phys. Rev. B},
  volume = {65},
  OPTnumber = {23},
  pages = {235109},
  numpages = {4},
  year = {2002},
  month = {Jun},
  doi = {10.1103/PhysRevB.65.235109},
  publisher = {American Physical Society}
}

@ARTICLE{Maksimov89,
   author = "E. G. Maksimov and I. I. Mazin and S. Yu. Savrasov and Yu. A. Uspenski",
   year = "1989",
   journal = "J. Phys.: Condens. Matter",
   volume = "1",
   pages = "2493"
}

@ARTICLE{anisimov97,
   author = "V. I. Anisimov and F. Aryasetiawan and A. I. Lichtenstein",
   year = "1997",
   journal = "J. Phys.: Condens. Matter",
   volume = "9",
   title = {First-principles calculations of the electronic structure and spectra of strongly correlated systems: {T}he {LDA+U} method},
   pages = "767"
}

@article{mark06qsgw,
author = {M. van Schilfgaarde and T. Kotani and S. Faleev},
collaboration = {},
title = {Quasiparticle {S}elf-Consistent {GW} Theory},
publisher = {APS},
year = {2006},
journal = {Phys. Rev. Lett.},
volume = {96},
OPTnumber = {22},
eid = {226402},
numpages = {4},
pages = {226402},
keywords = {SCF calculations; Green's function methods; ab initio calculations; quasiparticles; electronic structure; alkali metals; semiconductors; insulators; transition metals; transition metal compounds; rare earth compounds; perturbation theory},
}

@ARTICLE{Bechstedt97,
   author = "F. Bechstedt and K. Tenelsen and B. Adolph and R. Del Sole",
   year = "1997",
   journal = "Phys. Rev. Lett.",
   title = "Compensation of Dynamical Quasiparticle and Vertex Corrections in Optical Spectra",
   volume = "78",
   pages = "1528"
}

@ARTICLE{Niquet04,
   author = "Y. M. Niquet and X. Gonze",
   year = "2004",
   journal = "Phys. Rev. B",
   title = "Band-gap energy in the random-phase approximation to density-functional theory",
   volume = "70",
   pages = "245115"
}

@ARTICLE{rath75,
   author = "J. Rath and A.J. Freeman",
   journal="Phys. Rev. B",
   volume ={11},
   year = "1975",
   title = "Generalized magnetic susceptibilities in metals: {A}pplication of the analytic tetrahedron linear energy method to {Sc}",
   pages ="2109"
}

@ARTICLE{mark06adeq,
   author = "M. van Schilfgaarde and T.  Kotani and S.  V.  Faleev",
   year = "2006",
   journal = "Phys. Rev. B",
   title = {{Adequacy of approximations in {\emph{GW}} theory}},
   volume = "74",
   pages = "245125"
}

@Comment Yamasaki's and Lesberg's use of offset-Gamma method for BZ integrals. 
@ARTICLE{yamasaki03,
   author = "A. Yamasaki and T. Fujiwara", 
   journal = "J. Phys. Soc. Japan",
   year ="2003",
   volume ="72",
   pages = "607"
}

@article{hamada90,
author = {N. Hamada and M. Hwang and A. J. Freeman},
collaboration = {},
title = {Self-energy correction for the energy bands of silicon by the full-potential linearized augmented-plane-wave method: {E}ffect of the valence-band polarization},
publisher = {APS},
year = {1990},
journal = {Phys. Rev. B},
volume = {41},
OPTnumber = {6},
pages = {3620-3626},
keywords = {SILICON; BAND STRUCTURE; SELF &#150; ENERGY; APW CALCULATIONS; COULOMB FIELD; SCREENING; DENSITY FUNCTIONAL METHOD; DIELECTRIC PROPERTIES; PLASMONS; VALENCE BANDS; CONDUCTION BANDS; RANDOM PHASE APPROXIMATION},
}

@ARTICLE{Schindlmayr97,
   author = "A. Schindlmayr",
   year = "1997",
   journal = "Phys. Rev. B",
   title = "Violation of particle number conservation in the {GW} approximation",
   volume = "56",
   pages = "3528"
}

@ARTICLE{Schindlmayr01,
   author = "A. Schindlmayr and P. Garcia and R. W. Godby",
   year = "2001",
   journal = "Phys. Rev. B",
   title = "Diagrammatic self-energy approximations and the total particle number",
   volume = "64",
   pages = "235106"
}

@ARTICLE{Fleszar05,
   author = "A. Fleszar and W. Hanke",
   year = "2005",
   journal = "Phys. Rev. B",
   title = "Electronic structure of {IIB-VI} semiconductors in the {GW} approximation",
   volume = "71",
   pages = "045207"
}

@ARTICLE{Rohlfing95,
   author = "M. Rohlfing and P. Kruger and J. Pollmann",
   year = "1995",
   journal = "Phys. Rev. Lett.",
   title = "Quasiparticle Band Structure of CdS",
   volume = "75",
   pages = "3489"
}

@ARTICLE{Usuda04,
   author = "M. Usuda and H. Hamada and K. Siraishi and A. Oshiyama",
   year = "2004",
   journal = "Jpn. J. Appl. Phys. Lett. (part 2)",
   title = "Band structures of wurtzite {InN} and {Ga$_{1-x}$In$x$N} by all-electron {GW} calculation",
   volume = "43",
   pages = "L407",
   OPTpages = "L407-L410"
}

@Comment First introduction of V_CPP.  
@Comment Explicit calc. of core, then fit V_CPP to model form.  Done for Be and Sc.
@ARTICLE{Shirley91,
   author = "E. L. Shirley and L. Mit{\'a}s and R. M. Martin",
   year = "1991",
   journal = "Phys. Rev. B",
   title = "Core-valence partitioning and quasiparticle pseudopotentials",
   volume = "44",
   pages = "3395"
}

@ARTICLE{Shirley92,
   author = "E. L. Shirley and X. Zhu and S. G. Louie",
   year = "1992",
   journal = "Phys. Rev. Lett.",
   title = "Core polarization in semiconductors: {E}ffects on quasiparticle energies",
   volume = "69",
   pages = "2955"
}

@ARTICLE{Shirley93,
   author = "E. L. Shirley and R. M. Martin",
   year = "1993",
   journal = "Phys. Rev. B",
   title = "{GW} quasiparticle calculations in atoms",
   volume = "47",
   pages = "15404"
}

@ARTICLE{Shirley97,
   author = "E. L. Shirley and X. Zhu and S. G. Louie",
   year = "1997",
   journal = "Phys. Rev. B",
   title = "Core polarization in solids: {F}ormulation and application to semiconductors",
   volume = "56",
   pages = "6648"
}

@book{pines66,
  author =     {D. Pines and P. Nozieres},
  title =      {The Theory of Quantum Liquid. Vol I},
  publisher =  {W.A.Benjamin Inc., New York},
  year =       {1966}
}

@book{mahan90,
  author =     {G. D. Mahan},
  title =      {Many-Particle Physics},
  publisher =  {Plenum Press, New York},
  year =       {1990}
}

@article{rinke05,
  author={P. Rinke and A. Qteish and J. Neugebauer and C. Freysoldt and M. Scheffler},
  title={Combining {GW} calculations with exact-exchange density-functional theory: {A}n analysis of valence-band photoemission for compound semiconductors},
  journal={New J. Phys.},
  volume={7},
  pages={126},
  year={2005}
}

@ARTICLE{Kotani94,
   author = "T. Kotani",
   year = "1994",
   journal = "Phys. Rev. B",
   title = "Exact exchange potential band-structure calculations by the {LMTO-ASA} method: {MgO and CaO}",
   volume = "50",
   note  = "Phys. Rev. B51 13903(E)",
   pages = "14816"
}

@ARTICLE{Kotani96,
   author = "T. Kotani and H. Akai",
   year = "1996",
   journal = "Phys. Rev. B",
   title = "{KKR-ASA} method in exact exchange-potential band-structure calculations",
   volume = "54",
   pages = "16502"
}

@ARTICLE{Kotani98,
      author="T. Kotani",
      year="1998",
      title="Optimized effective potential method for solids with exact exchange  and exact {RPA} correlation",
      journal="J.Phys.: Condens. Matter",
      volume="10",
      pages="9241"
}

@ARTICLE{chantis06a,
author = {A. N. Chantis and M. van Schilfgaarde and T. Kotani},
collaboration = {},
title = {Ab Initio Prediction of Conduction Band Spin Splitting in Zinc Blende Semiconductors},
publisher = {APS},
year = {2006},
journal = {Phys. Rev. Lett.},
volume = {96},
OPTnumber = {8},
eid = {086405},
pages = {086405},
}

@ARTICLE{Bruneval05,
   author = "F. Bruneval and F. Sottile and F. Olevano and R. Del Sole and L. Reining",
   year = "2005",
   journal = "Phys. Rev. Lett.",
   title = "Many-body perturbation theory using the density-functional concept: {B}eyond the {GW} approximation",
   volume = "94",
   pages = "186402"
}

@ARTICLE{Marini02,
   author = "A. Marini and G. Onida and R. Del Sole",
   year = "2002",
   journal = "Phys. Rev. Lett.",
   title = "Quasiparticle Electronic Structure of Copper in the {GW} Approximation",
   volume = "88",
   pages = "016403"
}

@ARTICLE{Bruneval06,
   author = "F. Bruneval and F. Sottile and F. Olevano and L. Reining",
   year = "2006",
   journal = "J. Chem. Phys.",
   title = "Beyond time-dependent exact exchange: {T}he need for long-range correlation",
   volume = "124",
   pages = "144113"
}

@ARTICLE{Marini01,
   author = "A. Marini and G. Onida and R. del Sole",
   year = "2001",
   journal = "Phys. Rev. B",
   title = "Plane-wave DFT-LDA calculation of the electronic structure and absorption spectrum of copper",
   volume = "64",
   pages = "195125"
}

@Article{Marini01b,
  title = {Quasiparticle Electronic Structure of Copper in the {$GW$} Approximation},
  author = {Marini, Andrea  and Onida, Giovanni  and Del Sole, Rodolfo },
  journal = {Phys. Rev. Lett.},
  volume = {88},
  OPTnumber = {1},
  pages = {016403},
  numpages = {4},
  year = {2001},
  month = {Dec},
  doi = {10.1103/PhysRevLett.88.016403},
  publisher = {American Physical Society}
}

@Article{godby88,
  title = {Self-energy operators and exchange-correlation potentials in semiconductors},
  author = {Godby, R. W. and Schl\"uter, M.  and Sham, L. J.},
  journal = {Phys. Rev. B},
  volume = {37},
  OPTnumber = {17},
  pages = {10159--10175},
  numpages = {16},
  year = {1988},
  month = {Jun},
  doi = {10.1103/PhysRevB.37.10159},
  publisher = {American Physical Society}
}
@Article{Gygi86,
  title = {Self-consistent {Hartree-Fock} and screened-exchange calculations in solids: {A}pplication to silicon},
  author = {Gygi, F.  and Baldereschi, A. },
  journal = {Phys. Rev. B},
  volume = {34},
  OPTnumber = {6},
  pages = {4405},
  OPTpages = {4405--4408},
  numpages = {3},
  year = {1986},
  month = {Sep},
  doi = {10.1103/PhysRevB.34.4405},
  publisher = {American Physical Society}
}

@Article{hahn05,
  title = {Molecular electronic excitations calculated from a solid-state approach: {M}ethodology and numerics},
  author = {Hahn, P. H. and Schmidt, W. G. and Bechstedt, F. },
  journal = {Phys. Rev. B},
  volume = {72},
  OPTnumber = {24},
  pages = {245425},
  numpages = {17},
  year = {2005},
  month = {Dec},
  doi = {10.1103/PhysRevB.72.245425},
  publisher = {American Physical Society}
}

@ARTICLE{dahlen04,
      author="Nils Erik Dahlen and Ulf von Barth ",
      year="2004",
      journal="Phys. Rev. B",
      volume="69",
      page="195102",
      title="Variational energy functionals tested on atoms"
}

@ARTICLE{ferdi02,
    author="F. Aryasetiawan and T. Miyake and K. Terakura",
    journal="Phys. Rev. Lett.",
    volume="88",
    page="166401",
    year="2002"
}

@Article{Miyake02,
  title = {Total energy of solids:\quad{}{A}n exchange and random-phase approximation correlation study},
  author = {Miyake, T.  and Aryasetiawan, F.  and Kotani, T.  and van Schilfgaarde, M.  and Usuda, M.  and Terakura, K. },
  journal = {Phys. Rev. B},
  volume = {66},
  OPTnumber = {24},
  pages = {245103},
  numpages = {4},
  year = {2002},
  month = {Dec},
  doi = {10.1103/PhysRevB.66.245103},
  publisher = {American Physical Society}
}

@ARTICLE{fukuda94,
   author=" R. Fukuda and T. Kotani and Y. Suzuki and S. Yokojima",
    year="1994",
    journal="Prog. Theor. Phys.",
    volume="92",
    pages="833",
    title="Density Functional Theory through Legendre Transformation"
}

@ARTICLE{almbladh99,
      author="C.-O.Almbladh, U. von Barth and R. van Leeuwen",
      year="1999",
      journal="Int. J. Mod. Phys. B",
      volume="13",
      page="535"
}

@ARTICLE{luttinger60,
      author="J. M. Luttinger",
      year="1960",
      journal="Phys. Rev.",
      volume="119",
      page="1153"
}

@ARTICLE{lw60,
      author="J. M. Luttinger and J. C. Ward",
      year="1960",
      journal="Phys. Rev.",
      volume="118",
      page="1417"
}

@ARTICLE{baym61,
      author="G. Baym and L. P. Kadanoff",
      year="1961",
      journal="Phys. Rev.",
      volume="124",
      page="287"
}


@ARTICLE{Garbuio06,
   author = "V. Garbuio and M. Cascella and L. Reining and R. Del Sole and O. Pulci",
   year = "2006",
   journal = "Phys. Rev. Lett.",
   title = "Ab Initio Calculation of Optical Spectra of Liquids: {M}any-Body Effects in the Electronic Excitations of Water",
   volume = "97",
   pages = "137402",
}

@ARTICLE{Arnaud06,
   author = "B. Arnaud and S. Lebegue and P. Rabiller and M. Alouani",
   year = "2006",
   journal = "Phys. Rev. Lett.",
   title = "Huge Excitonic Effects in Layered Hexagonal Boron Nitride",
   volume = "96",
   pages = "026402",
}

@ARTICLE{Seidl96,
   author = "A. Seidl and A. G{\"o}ring and P. Vogl and J. A. Majewski and M. Levy",
   year = "1996",
   journal = "Phys. Rev. B",
   title = "Generalized {Kohn-Sham} schemes and the band-gap problem",
   volume = "53",
   pages = "3764"
}

@ARTICLE{Zein06,
   author = "N. E. Zein and S. Y. Savrasov and G. Kotliar",
   year = "2006",
   journal = "Phys. Rev. Lett.",
   title = "Local Self-Energy Approach for Electronic Structure Calculations",
   volume = "96",
   pages = "226403"
}

@ARTICLE{Friedrich06,
   author = "C. Friedrich and A. Schindlmayr and S. Bl{\"u}gel and T. Kotani",
   year = "2006",
   journal = "Phys. Rev. B",
   title = "Elimination of the linearization error in {GW} calculations based on the linearized augmented-plane-wave method",
   volume = "74",
   pages = "045104"
}

@ARTICLE{Belashchenko06,
   author = "K. D. Belashchenko and V. P. Antropov and N. E. Zein",
   year = "2006",
   journal = "Phys. Rev. B",
   title = "Self-consistent local {GW} method: {A}pplication to 3d and 4d metals",
   volume = "73",
   pages = "073105"
}

