@article{hamann09,
  title = {Maximally localized Wannier functions for GW quasiparticles},
  author = {Hamann, D. R. and Vanderbilt, David},
  journal = {Phys. Rev. B},
  volume = {79},
  issue = {4},
  pages = {045109},
  numpages = {9},
  year = {2009},
  month = {Jan},
  doi = {10.1103/PhysRevB.79.045109},
  url = {http://link.aps.org/doi/10.1103/PhysRevB.79.045109},
  publisher = {American Physical Society}
}

@article{ISI:000257325900034,
Author = {Kotani, Takao and van Schilfgaarde, Mark},
Title = {{Spin wave dispersion based on the quasiparticle self-consistent GW
   method: NiO, MnO and alpha-MnAs}},
Journal = {{JOURNAL OF PHYSICS-CONDENSED MATTER}},
Year = {{2008}},
Volume = {{20}},
Number = {{29}},
Article-Number = {{295214}},
}
@article{0953-8984-21-26-266002,
  author={Takao Kotani and Hiori Kino},
  title={Re-examination of half-metallic ferromagnetism for doped LaMnO 3 in a quasiparticle self-consistent GW method},
  journal={Journal of Physics: Condensed Matter},
  volume={21},
  number={26},
  pages={266002},
  url={http://stacks.iop.org/0953-8984/21/i=26/a=266002},
  year={2009},
}
	
@article{PhysRevB.83.081101,
  volume = {83},
  journal = {Phys. Rev. B},
  month = {Feb},
  numpages = {4},
  author = {Friedrich, Christoph and M\"uller, Mathias C. and Bl\"ugel, Stefan},
  title = {Band convergence and linearization error correction of all-electron $\mathit{GW}$ calculations: The extreme case of zinc oxide},
  year = {2011},
  url = {http://link.aps.org/doi/10.1103/PhysRevB.83.081101},
  doi = {10.1103/PhysRevB.83.081101},
  issue = {8},
  publisher = {American Physical Society},
  pages = {081101}
}

@article{weinert81,
journal={J. Math. Phys.},
volume={22}, 
page={2433},
year={1981},
author={M. Weinert}
}

@misc{privatemark1,
Author={van Schilfgaarde, Mark},
note={Private communication: the head part of the smooth Hankel functions are difficult to be expanded
in the series of polynomials accurately.}
}
@article{soler93,
  volume={47},
  pages={6784-6786},
  author = {Soler, Jos\'e M. and Williams, Arthur R.},
  journal = {Phys. Rev. B},
  year={1993}
}  
@article{PhysRevB.43.6388,
  volume = {43},
  journal = {Phys. Rev. B},
  month = {Mar},
  author = {Singh, David},
  title = {Ground-state properties of lanthanum: Treatment of extended-core states},
  year = {1991},
  url = {http://link.aps.org/doi/10.1103/PhysRevB.43.6388},
  doi = {10.1103/PhysRevB.43.6388},
  issue = {8},
  publisher = {American Physical Society},
  pages = {6388--6392}
}

@Article{kotanimol2013j,
  title = {unpublished},
  author = {Kotani, Takao  and Kino,Hiori},
  title = {'The augmented plane-wave and muffin-tin ofbital method with the PBE exchange-correlation applied to molecules from H2 through Kr$_2$'
(submitted simultaneously with this manuscript)},
  volume = {},
  number = {},
  pages = {},
  year = {2013},
  month = {}
}
@Article{kotanipmttheory2011,
  title = {},
  author = {Kotani, Takao  and Kino,Hiori and Akai,Hisazumi},
  journal = {'Formulation of the augmentd plane-wave and muffin-tin orbital method'(submitted simultanenously with this manuscript)},
  volume = {},
  number = {},
  pages = {},
  year = {},
  month = {}
}

@article{pulay69,
 author={P.Pulay},
 journal={Mol. Phys.},
 volume={17},
 page={197},
 year={1969}
}

@article{PhysRevB.54.1159,
  journal = {Phys. Rev. B},
  month = {Jul},
  doi = {10.1103/PhysRevB.54.1159},
  issue = {2},
  author = {Iwashita, Kenji and Oguchi, Tamio and Jo, Takeo},
  title = {Orbital and spin magnetic moments of         \textit{T}      ${\mathrm{Pt}}_{3}$ (        \textit{T}      =V, Cr, Mn, Fe, and Co)},
  year = {1996},
  url = {http://link.aps.org/doi/10.1103/PhysRevB.54.1159},
  publisher = {American Physical Society},
  pages = {1159--1162},
  volume = {54}
}

@inbook{bluegel31,
author={Stefan Bl\"ugel and Gustav Bihlmayer},
publisher={John von Neumann Institute for Computing, J\"ulich},
booktitle={Computational Nanoscience: Do It Yourself! NIC Series Vol. 31},
editor={J. Grotendorst, S. Bl\"ugel, D. Marx},
pages={85-129}, 
web={http://www2.fz-juelich.de/nic-series/volume31/bluegel.pdf},
year={2006}
}

@book{Singhbook,
author={D. J. Singh},
publisher={Kluwer Academic, Boston},
year={1994},
booktitle={Planewaves, Pseudopotential, and the LAPW Method}
}

@misc{eal,
note={These reference energies $\eal$ and $\eallo$ are given
in the following manner. For the $al$ channel without elo/lo, 
we set $\eal$ at the center of gravity for partial density of
states for occupied states. For the $al$ channel with elo/lo, 
we set $\eal$ at the top of valence, and set
$\eallo$ at the center of gravity.}
}

@book{rmartinbook,
  author = 	 {R. Martin},
  publisher = 	 {Cambridge University Press},
  year = 	 {2000},
  booktitle =    {Electronic structure: basic theory and practical methods}
}

@article{paier2005the,
title={The Perdew-Burke-Ernzerhof exchange-correlation functional applied to the G2-1 test set using a plane-wave basis set.},
author={Paier, J. and Hirschl, R. and Marsman, M. and Kresse, G.},
journal={J Chem Phys},
volume={122},
number={23},
pages={234102},
year={2005}
}
 
@article{pbe,
  journal = {Phys. Rev. Lett.},
  month = {Oct},
  url = {http://link.aps.org/doi/10.1103/PhysRevLett.77.3865},
  publisher = {American Physical Society},
  author = {Perdew, John P. and Burke, Kieron and Ernzerhof, Matthias},
  title = {Generalized Gradient Approximation Made Simple},
  year = {1996},
  pages = {3865--3868},
  volume = {77},
  doi = {10.1103/PhysRevLett.77.3865},
  issue = {18}
}

@Article{noncolflapw,
  title = {Ab initio treatment of noncollinear magnets with the full-potential linearized augmented plane wave method},
  author = {Kurz, Ph.  and F\"orster, F.  and Nordstr\"om, L.  and Bihlmayer, G.  and Bl\"ugel, S. },
  journal = {Phys. Rev. B},
  volume = {69},
  number = {2},
  pages = {024415},
  numpages = {15},
  year = {2004},
  month = {Jan},
  doi = {10.1103/PhysRevB.69.024415},
  publisher = {American Physical Society}
}

@Article{whitebird,
  title = {Implementation of gradient-corrected exchange-correlation potentials in Car-Parrinello total-energy calculations},
  author = {White, J. A. and Bird, D. M.},
  journal = {Phys. Rev. B},
  volume = {50},
  number = {7},
  pages = {4954--4957},
  numpages = {3},
  year = {1994},
  month = {Aug},
  doi = {10.1103/PhysRevB.50.4954},
  publisher = {American Physical Society}
}
@Article{harris85,
  author = {Harris, J},
  journal = {Phys. Rev. B},
  volume = {31},
  pages = {1770},
  year = {1985}
}

@Article{pmt1,
  title = {Fusion of the LAPW and LMTO methods: The augmented plane wave plus muffin-tin orbital method},
  author = {Kotani, Takao  and van Schilfgaarde, Mark },
  journal = {Phys. Rev. B},
  volume = {81},
  number = {12},
  pages = {125117},
  numpages = {5},
  year = {2010},
  month = {Mar},
  doi = {10.1103/PhysRevB.81.125117},
  publisher = {American Physical Society}
}

@Article{filippi94,
  title = {All-electron local-density and generalized-gradient calculations of the structural properties of semiconductors},
  author = {Filippi, C.  and Singh, D. J. and Umrigar, C. J.},
  journal = {Phys. Rev. B},
  volume = {50},
  number = {20},
  pages = {14947--14951},
  numpages = {4},
  year = {1994},
  month = {Nov},
  doi = {10.1103/PhysRevB.50.14947},
  publisher = {American Physical Society}
}

@article{liborio05,
  author={Leandro M Liborio and Cristian G Sanchez and Anthony T Paxton and Michael W Finnis},
  title={Stability of Sr adatom model structures for SrTiO3(001) surface reconstructions},
  journal={Journal of Physics: Condensed Matter},
  volume={17},
  number={23},
  pages={L223-L230},
  url={http://stacks.iop.org/0953-8984/17/L223},
  year={2005},
  abstract={We report results of first-principles calculations on the thermodynamic stability of different Sr adatom structures that have been proposed to explain some of the observed reconstructions of the (001) surface of strontium titanate (Kubo and Nozoye 2003 Surf. Sci. 542 177). From surface free energy calculations, a phase diagram is constructed indicating the range of conditions over which each structure is most stable. These results are compared with Kubo and Nozoye's experimental observations. It is concluded that low Sr adatom coverage structures can only be explained if the surface is far from equilibrium. Intermediate coverage structures are stable only if the surface is in or very nearly in equilibrium with the strontium oxide.}
}


@Article{Stixrude94,
  title = {Iron at high pressure: Linearized-augmented-plane-wave computations in the generalized-gradient approximation},
  author = {Stixrude, Lars  and Cohen, R. E. and Singh, D. J.},
  journal = {Phys. Rev. B},
  volume = {50},
  number = {9},
  pages = {6442--6445},
  numpages = {3},
  year = {1994},
  month = {Sep},
  doi = {10.1103/PhysRevB.50.6442},
  publisher = {American Physical Society}
}


@Article{khein95,
  title = {All-electron study of gradient corrections to the local-density functional in metallic systems},
  author = {Khein, Alexander  and Singh, D. J. and Umrigar, C. J.},
  journal = {Phys. Rev. B},
  volume = {51},
  number = {7},
  pages = {4105--4109},
  numpages = {4},
  year = {1995},
  month = {Feb},
  doi = {10.1103/PhysRevB.51.4105},
  publisher = {American Physical Society}
}



@Article{souza01,
  title = {Maximally localized Wannier functions for entangled energy bands},
  author = {Souza, Ivo  and Marzari, Nicola  and Vanderbilt, David },
  journal = {Phys. Rev. B},
  volume = {65},
  number = {3},
  pages = {035109},
  numpages = {13},
  year = {2001},
  month = {Dec},
  doi = {10.1103/PhysRevB.65.035109},
  publisher = {American Physical Society}
}


@Article{lo,
author={E. Sjostedt, L. Nordstrom, D. J. Singh},
title={An alternative way of linearizing the augmented plane-wave method},
journal={Solid State Communications},
volume={114}, 
 pages={15--20},
 year={2000}
}



@Article{vbarth72,
  author={U. von Barth and L. Hedin}, 
  volume={5},
  pages={1692},
  journal={J. Phys. C},
  year={1972}
}

@Article{vwn,
  author={S. H. Vosko, L. Wilk and M. Nusair}, 
  volume={58},
  pages={1200},
  journal={Can. J. Phys.},
  year={1980}
}

@Article{liu94,
  title = {Linearized-augmented-plane-wave method with Car-Parrinello scaling},
  author = {Liu, Amy Y. and Singh, David J. and Krakauer, Henry },
  journal = {Phys. Rev. B},
  volume = {49},
  number = {24},
  pages = {17424--17427},
  numpages = {3},
  year = {1994},
  month = {Jun},
  doi = {10.1103/PhysRevB.49.17424},
  publisher = {American Physical Society}
}


@Article{soler89,
  title = {Simple formula for the atomic forces in the augmented-plane-wave method},
  author = {Soler, Jos\'e M. and Williams, Arthur R.},
  journal = {Phys. Rev. B},
  volume = {40},
  number = {3},
  pages = {1560--1564},
  numpages = {4},
  year = {1989},
  month = {Jul},
  doi = {10.1103/PhysRevB.40.1560},
  publisher = {American Physical Society}
}
@Article{soler90,
  author = {Soler, Jos\'e M. and Williams, Arthur R.},
  journal = {Phys. Rev. B},
  volume = {42},
  pages = {9728},
  year = {1990},
}



@Article{kresse99,
  title = {From ultrasoft pseudopotentials to the projector augmented-wave method},
  author = {Kresse, G.  and Joubert, D. },
  journal = {Phys. Rev. B},
  volume = {59},
  number = {3},
  pages = {1758--1775},
  numpages = {17},
  year = {1999},
  month = {Jan},
  doi = {10.1103/PhysRevB.59.1758},
  publisher = {American Physical Society}
}



@Article{ks65,
  title = {Self-Consistent Equations Including Exchange and Correlation Effects},
  author = {Kohn, W.  and Sham, L. J.},
  journal = {Phys. Rev.},
  volume = {140},
  number = {4A},
  pages = {A1133--A1138},
  numpages = {5},
  year = {1965},
  month = {Nov},
  doi = {10.1103/PhysRev.140.A1133},
  publisher = {American Physical Society}
}


@ARTICLE{Andersen75,
   author = "O. K. Andersen",
   year = "1975",
   title = "Linear methods in band theory",
   journal = "Phys. Rev. B",
   volume = "12",
   pages = "3060"
}

@ARTICLE{Andersen84,
   author = "O. K. Andersen and O. Jepsen",
   year = "1984",
   title = "Explicit, First-Principles Tight-Binding Theory",
   journal = "Phys. Rev. Lett.",
   volume = "53",
   pages = "2571"
}

@UNPUBLISHED{nfpmanual,
  author = {M. Mesfessel and M. van Schilfgaarde},
  note = { 'NFP manual 1.01 Oct 10,1997'. NFP is previous 
to the current LMTO package lmf maintained by M. van Schilfgaarde.}
}

@InProceedings{lmfchap,
  author = 	 {M. Methfessel and M. van Schilfgaarde and R. A. Casali},
  editor = 	 {H. Dreysse},
  title = 	 {Electronic Structure and Physical Properties of Solids: The Uses of the LMTO Method},
  publisher = 	 {Springer-Verlag, Berlin},
  year = 	 {2000},
  volume = 	 {535},
  booktitle =    {Lecture Notes in Physics}
}


@InProceedings{nmto,
  author =       "O. K. Andersen and T. Saha-Dasgupta and R. W. Tank and G. K. C. Arcangeli O. Jepsen",
  editor = 	 {H. Dreysse},
  title = 	 {Electronic Structure and Physical Properties of Solids: The Uses of the LMTO Method},
  publisher = 	 {Springer-Verlag, Berlin},
  year = 	 {2000},
  chap =         {Developing the MTO Formalism},
  volume = 	 {535},
  booktitle =    {Lecture Notes in Physics},
}

@ARTICLE{Huhne98,
   author = "T. Huhne and C. Zecha and H. Ebert and P. H. Dederichs and R. Zeller",
   year = "1998",
   journal = "Phys. Rev. B",
   title = "Full-potential spin-polarized relativistic Korringa-Kohn-Rostoker method implemented and applied to bcc Fe, fcc Co, and fcc Ni",
   volume = "58",
   pages = "10236"
}

@ARTICLE{PAW,
   author = "P. E. Blochl",
   year = "1994",
   journal = "Phys. Rev. B",
   title = "Projector augmented-wave method",
   volume = "50",
   pages = "17953"
}

@ARTICLE{molforce,
   author = "M. Methfessel and M. van Schilfgaarde",
   year = "1993",
   journal = "Phys. Rev. B",
   title = "Derivation of Force Theorems in Density-Functional Theory",
   volume = "48",
   pages = "4937"
}

@ARTICLE{Car85,
   author = "R. Car and M. Parrinello",
   year = "1985",
   journal = "Phys. Rev. Lett.",
   title = "Unified Approach for Molecular Dynamics and Density-Functional Theory",
   volume = "55",
   pages = "2471"
}

@ARTICLE{VASPa,
   author = "G. Kresse and J. Hafner",
   year = "1993",
   journal = "Phys. Rev. B",
   title = "Ab initio molecular dynamics for liquid metals",
   volume = "47",
   pages = "558"
}

@ARTICLE{Bott98,
   author = "E. Bott and M. Methfessel and W. Krabs and P. C. Schmidt",
   year = "1998",
   journal = "J. Math. Phys.",
   title = "Nonsingular Hankel functions as a new basis for electronic structure calculations",
   volume = "39",
   pages = "3393"
}



@ARTICLE{fleurtransport,
   author = "Y. Mokrousov and G. Bihlmayer and S. Blugel",
   year = "2005",
   journal = "Phys. Rev. B",
   title = "Full-potential linearized augmented plane-wave method for one-dimensional systems: Gold nanowire and iron monowires in a gold tube",
   volume = "72",
   pages = "045402"
}

@conference{pgf98,
   author    = {M. van Schilfgaarde and W. R. L. Lambrecht},
   title     = {Tight-binding linear muffin-tin orbital implementation of the difference equation Green's function approach for 2D-periodic systems},
   booktitle = {Tight-Binding Approach to Computational Materials Science},
   organization = {Mater. Res. Soc.},
   volume    = {491},
   year      = {1998},
   editor    = {P.~E.~A. Turchi and A. Gonis and L. Colombo},
   publisher = {Warrendale, PA, USA},
   pages     = {137},
   annote    = {annot conference}
}

@UNPUBLISHED{qpscgwpap,
   author = "Mark van Schilfgaarde and Takao Kotani and Sergey Faleev",
   title = "QuasiParticle Self-Consistent $GW$ Theory",
   year = 2005,
   note = "cond-mat/0510408 preprint"
}

@ARTICLE{Methfessel93,
   author = "M. Methfessel and M. van Schilfgaarde and M. Scheffler",
   journal = "Phys. Rev. Lett.",
   title = "Electronic structure and bonding in the metallocarbohedrene Ti$_8$C$_{12}$",
   volume = "70",
   pages = "29",
   year = "1993"
}
